@comment{
	Anything here doesn't show up.
	Usual % comments not observed, I don't think
}

@misc{patent,
  title={Overhead Delivery System for Transporting Products},
  author={Brown, A.B. and Fisher, G.R. and Gilman, S.J. and Lang, S.R.},
  url={https://www.google.com/patents/US20170101182},
  year={2017},
  month=apr # "~13",
  publisher={Google Patents},
  note={US Patent App. 14/881,217}
}

@inproceedings{adaptive_cribbage,
	title={Investigation of an adaptive cribbage player},
	author={Kendall, Graham and Shaw, Stephen},
	booktitle={International Conference on Computers and Games},
	pages={29--41},
	year={2002},
	organization={Springer}
}

@phdthesis{evolutionary_learning_game_ai,
	title={Improving adaptive game AI with evolutionary learning},
	author={Ponsen, Marc},
	year={2004},
	school={TUDelft}
}

@article{game_tactics_evol,
	title={Automatically generating game tactics through evolutionary learning},
	author={Ponsen, Marc and Munoz-Avila, H{\'e}ctor and Spronck, Pieter and Aha, David W},
	journal={AI Magazine},
	volume={27},
	number={3},
	pages={75},
	year={2006}
}

@article{adaptive_game_ai_scripting,
	title={Adaptive game AI with dynamic scripting},
	author={Spronck, Pieter and Ponsen, Marc and Sprinkhuizen-Kuyper, Ida and Postma, Eric},
	journal={Machine Learning},
	volume={63},
	number={3},
	pages={217--248},
	year={2006},
	publisher={Springer}
}

@article{poker_challenge,
	title={The challenge of poker},
	author={Billings, Darse and Davidson, Aaron and Schaeffer, Jonathan and Szafron, Duane},
	journal={Artificial Intelligence},
	volume={134},
	number={1-2},
	pages={201--240},
	year={2002},
	publisher={Elsevier}
}

@article{poker_review,
	title={Computer poker: A review},
	author={Rubin, Jonathan and Watson, Ian},
	journal={Artificial Intelligence},
	volume={175},
	number={5-6},
	pages={958--987},
	year={2011},
	publisher={Elsevier}
}

@techreport{r6_cs486,
	title={Temporal Difference Reinforcement Learning Applied to Cribbage},
	author={O'Connor, Russell},
	url={http://r6.ca/cs486/},
	institution={University of California, Berkeley},
	year=2000
}

@phdthesis{cribbage_optimal_ev,
	title={Optimal Expected Values for Cribbage Hands},
	author={Martin, Philip L.},
	year={2000},
	school={Harvey Mudd College}
}

@online{ACC_rules,
	url = {http://www.cribbage.org/rules},
	urldate = {2017-05-26},
	notes = {Accessed May 26, 2017}
}

@online{ACC_rulebook,
	url= {http://cribbage.org/rules/ACCRuleBook2016.pdf},
	urldate = {2018-04-09},
	notes = {Accessed April 9, 2018}
}
